@book{book_danthine,
title = "Front-matter ",
editor = "Danthine, Jean-Pierre  and Donaldson, John B ",
booktitle = "Intermediate Financial Theory (Third Edition)",
publisher = "Academic Press",
edition = "Third Edition",
address = "San Diego",
year = "2015",
pages = "i - iii",
isbn = "978-0-12-386549-6",
doi = "https://doi.org/10.1016/B978-0-12-386549-6.00019-X",
url = "http://www.sciencedirect.com/science/article/pii/B978012386549600019X",
key = "book_danthine"
}

@online{exercises_danthine,
  author = {Elsevier},
  title = {{MS Windows NT} Kernel Description},
  year = 2015,
  url = {http://booksite.elsevier.com/9780123865496/content/Exercises_August_2015.pdf},
  urldate = {2017-07-07}
}

@book{book_veronesi,
title = "Fixed Income Securities",
editor = "Veronesi ",
publisher = "John Wiley and Sons",
edition = "First Edition",
address = "Hoboken, New Jersey, USA",
year = "2010",
isbn = "978-0-47-010910-6",
key = "book_veronesi"
}